<?xml version="1.0" encoding="UTF-8"?><record xmlns="http://www.loc.gov/MARC21/slim" xmlns:cinclude="http://apache.org/cocoon/include/1.0" xmlns:zs="http://www.loc.gov/zing/srw/">
  <leader>00544cz  a2200181n  4500</leader>
  <controlfield tag="001">n  00104717 </controlfield>
  <controlfield tag="003">DLC</controlfield>
  <controlfield tag="005">20001218144616.0</controlfield>
  <controlfield tag="008">001218n| acaabaaan          |a ana      </controlfield>
  <datafield tag="010" ind1=" " ind2=" ">
    <subfield code="a">n  00104717 </subfield>
  </datafield>
  <datafield tag="040" ind1=" " ind2=" ">
    <subfield code="a">DLC</subfield>
    <subfield code="b">eng</subfield>
    <subfield code="c">DLC</subfield>
  </datafield>
  <datafield tag="130" ind1=" " ind2="0">
    <subfield code="a">Harcourt series in management</subfield>
  </datafield>
  <datafield tag="530" ind1=" " ind2="0">
    <subfield code="a">Dryden Press series in management</subfield>
  </datafield>
  <datafield tag="643" ind1=" " ind2=" ">
    <subfield code="a">Fort Worth</subfield>
    <subfield code="b">Harcourt College Publishers</subfield>
  </datafield>
  <datafield tag="644" ind1=" " ind2=" ">
    <subfield code="a">f</subfield>
    <subfield code="5">DLC</subfield>
  </datafield>
  <datafield tag="645" ind1=" " ind2=" ">
    <subfield code="a">t</subfield>
    <subfield code="5">DLC</subfield>
  </datafield>
  <datafield tag="646" ind1=" " ind2=" ">
    <subfield code="a">s</subfield>
    <subfield code="5">DLC</subfield>
  </datafield>
  <datafield tag="670" ind1=" " ind2=" ">
    <subfield code="a">Bourgeois, L. J. Strategic management concise, c2001:</subfield>
    <subfield code="b">series t.p. (Harcourt series in management)</subfield>
  </datafield>
</record>